@MISC{forester:home,
title = "Webové stránky nástroje Forester",
year = "2013 [cit. 2013-12-9]",
howpublished = "\url{http://www.fit.vutbr.cz/research/groups/verifit/tools/forester/}"
}


